2852 4818
168 345 169 350 κ
232 309 282 398 ao
472 307 563 374 ιο
582 305 622 372 v
642 305 847 377 aurursus
868 277 1142 376 merrus

237 475 435 561 Oedipodis
423 497 458 540 ιιι
477 428 606 554 llolono,
785 555 788 560 Ι

327 597 440 664 linior
460 601 579 683 cupiosi
598 593 759 684 γέροντος,
775 590 956 685 Ἀντιγόνη,

177 679 198 702 1,
237 717 414 810 Antigones,

111 807 124 821 ³
166 891 168 905 .
203 827 212 848 ‘
275 829 367 903 ,Ὦ
386 829 493 910 κοινὸν
514 828 711 920 uirdieipou
727 829 875 921 Ἰσμήνης
896 833 986 930 adpre.

239 955 385 1040 Quisquis
409 958 530 1022 demum
547 951 763 1034 Rhesi'drama
783 959 955 1040 scripserit,
977 959 1066 1022 istius
1085 960 1205 1040 Prologi
1227 961 1313 1023 Con

229 1043 321 1106 'ditor
336 1041 434 1104 ''hac
425 1065 457 1103 m
478 1052 565 1122 parte
586 1063 648 1104 non
665 1043 846 1126 Euripidis
840 1065 974 1122 morem,
996 1045 1052 1106 sed
1075 1043 1233 1126 Sophoclis
1254 1067 1314 1108 ex·-

238 1132 351 1212 pressit
374 1128 549 1200 artificium,
573 1129 642 1207 qui,
666 1138 812 1208 quantum
833 1141 904 1209 apta
923 1090 1040 1190 valeret
1059 1130 1178 1192 fabulae
1201 1130 1313 1212 dispi-

241 1215 348 1275 sitione
363 1236 436 1314 panae
452 1209 623 1294 Euripide,
637 1215 809 1276 Dramatum
827 1233 948 1312 quoque
963 1235 1087 1275 suorum
1102 1217 1238 1296 Prologis
1253 1219 1313 1278 de·

147 1293 213 1356 b
239 1301 428 1361 monstravit.
480 1295 675 1377 Sophocleis,
706 1311 758 1361 aut
775 1301 848 1361 huic
866 1300 955 1360 etiarn
976 1299 1069 1360 Rhesi
1087 1299 1232 1380 prologo,
1261 1303 1312 1362 ni-

141 1455 145 1469 ,
237 1385 285 1445 hil
305 1385 401 1446 simile
417 1381 688 1466 deprehendetur
678 1404 711 1451 m
727 1387 838 1466 viginti
850 1385 905 1530 qui
921 1394 1083 1468 supersunt
1095 1386 1231 1467 Prologis
1243 1387 1312 1450 Eu

162 1507 165 1516 =
236 1469 371 1552 ripideis.
828 1539 830 1542 ¹
1261 1517 1275 1552 ,

323 1589 359 1650 In
383 1587 431 1650 bis
460 1585 614 1670 Euripidis
641 1585 792 1668 prologis,
827 1587 967 1650 versibus
996 1587 1239 1668 elegantissimis,
1276 1597 1310 1652 et

238 1663 329 1756 saepe
350 1687 457 1752 magna
480 1695 550 1734 cum
571 1693 645 1734 cura
667 1672 951 1770 sursdprquivose,
989 1675 1049 1732 sed
1066 1674 1104 1732 ad
1127 1674 1309 1736 Homericus

237 1771 338 1821 tomen
360 1757 518 1840 Sophoclis
535 1759 721 1826 maiestatem
741 1759 915 1836 neutiquam
935 1759 1179 1840 aequiparandis,
1208 1769 1309 1822 totum

239 1841 382 1906 dramatis
398 1851 623 1921 argumentum.
647 1863 680 1901 ea
700 1841 852 1902 interdum
872 1855 1065 1919 enarrantur,
1089 1863 1176 1924 quae
1189 1864 1309 1906 omnem

187 1989 192 1997 ,
239 1953 279 1992 ex
290 1931 395 2000 ultima
408 1929 530 1988 demum
543 1935 628 2008 parte
644 1927 817 2008 capiendam
831 1928 1017 1990 auditoribus
1033 1929 1234 2011 iptervertant
1245 1949 1309 1992 vo-

238 2016 397 2098 luptatem.

325 2135 420 2216 Saepe
433 2131 520 2192 nimis
535 2141 605 2192 sunt
615 2129 753 2210 verbosi3
763 2131 887 2213 'quique
908 2132 1027 2215 primus
1043 2133 1076 2194 in
1096 2133 1216 2204 soena'm
1231 2155 1309 2216 pro-
1414 2129 1415 2144 ¹

228 2219 287 2280 “dit
307 2222 388 2280 solus
408 2219 500 2279 verba
520 2219 609 2294 facit,
631 2239 689 2278 nec
710 2240 780 2278 raro
804 2225 976 2300 γενεαλογεῖ
1020 2219 1090 2280 Plus
1110 2241 1207 2300 aequo
1223 2241 1310 2282 ιιιοι

241 2307 315 2384 dax,
351 2307 474 2368 iustam
481 2316 581 2366 tamen
601 2305 633 2364 in
654 2302 808 2387 Euripidis
827 2305 971 2383 Prologus
996 2325 1063 2366 meo
1083 2306 1205 2384 quidem
1224 2306 1308 2368 iudi-

210 2407 214 2428 ·
241 2394 289 2452 cio
312 2413 468 2452 censuram
493 2391 629 2450 exercuit
647 2387 880 2471 Aristophanes,
917 2391 1024 2451 acerbe
1051 2387 1282 2474 διαβάλλων
1248 2418 1307 2475 την

241 2472 411 2557 ὁμοειὸειοιν
434 2481 494 2540 salv
515 2464 659 2556 εἶσβιιιιν
682 2479 742 2537 τοῖν
764 2473 941 2553 δραμάτων,
962 2476 995 2534 in
1009 2475 1100 2535 Ranis
1118 2495 1151 2545 v
1168 2482 1307 2546 1230..

240 2563 330 2624 adv
346 2560 592 2629 1277.h00v1·x
611 2579 672 2619 uno
694 2559 796 2639 potuit
814 2560 951 2641 exemplo
967 2561 1092 2641 refelli,
1115 2617 1120 2628 ,

360 2674 428 2745 ‘'Iu'
451 2668 541 2753 adcor
562 2671 619 2760 οὐχ
639 2677 697 2754 ἕξει
716 2671 878 2816 ποοιιοιψοι
898 2673 1047 2759 λήκυθον
1160 2719 1164 2730 =

101 2788 103 2800 '
194 2817 213 2858 ο
240 2798 434 2880 Tanquam
423 2819 456 2858 m
480 2797 616 2878 Prologis
644 2784 789 2879 ἦδέοις’
768 2819 868 2882 arrupy
868 2795 960 2864 illua
985 2821 1022 2863 τοι
1015 2794 1114 2885 γένη
1133 2801 1281 2923 ridetur'
1269 2823 1323 2865 ιη’

130 2901 140 2913 “
239 2887 369 2949 Acbarn.
391 2905 424 2947 v.
446 2888 506 2962 47,
529 2893 586 2944 etc.

325 3001 383 3064 Sed
400 3002 565 3063 undecim
556 3001 606 3063 reti
625 3021 731 3064 versus
750 3023 789 3064 ex
806 3002 899 3065 Rhesi
920 3006 1090 3086 prologo
1068 3025 1111 3066 οιο
1132 3014 1203 3067 sunt
1218 2985 1302 3086 facti,

83 3105 90 3126 ι
122 3117 129 3124 ·
189 3087 298 3150 [ur
287 3111 356 3170 ipsa
367 3091 529 3152 verborum
544 3085 686 3162 σύνθεσις
701 3111 739 3149 ex
754 3088 929 3171 Sophocleis
943 3094 1043 3173 potrus
1059 3092 1304 3173 videaturqnam

138 3198 176 3238 ἰ
239 3169 461 3256 exEuiipideis
476 3193 634 3254 expressa:
651 3175 810 3253 mirorque
832 3176 906 3236 adeo
923 3177 1264 3282 GrammaticiGraeci
1254 3197 1304 3238 ru-
1413 3223 1414 3228 ο

151 3309 154 3313 .
221 3261 369 3336 dicium,
392 3260 443 3320 cui
462 3255 612 3344 πρόλογος
629 3258 686 3319 ιιιο
703 3247 866 3320 uidebatur
880 3257 968 3336 πεζός
984 3258 1083 3338 πάνυ,
1096 3261 1157 3324 και
1177 3285 1214 3326 ou
1204 3254 1304 3342 ’μοι

239 3340 583 3431 similitudinum
611 3345 741 3405 multum
767 3361 893 3422 vereor,
927 3363 967 3406 ne
988 3347 1069 3406 illius
1086 3343 1175 3404 bac
1165 3365 1198 3407 m
1215 3357 1303 3428 parte

169 3432 212 3497 95
238 3430 386 3491 iudicium
407 3431 444 3490 ab
465 3407 682 3506 elegantiarum
704 3440 843 3492 veterum
868 3431 964 3490 doctis
988 3429 1229 3536 spectatoribus
1233 3451 1302 3493 meo

191 3535 209 3574 a
239 3524 475 3620 anteponatur..
470 3513 555 3574 lata
573 3524 696 3576 nonnae
715 3533 848 3594 congrua
863 3517 991 3595 simplex
1007 3518 1112 3591 oran'd,
1135 3511 1229 3597 οεμνη
1250 3518 1304 3582 seul

237 3594 415 3666 εὐεπέστατα
433 3599 540 3679 ἔχουσα
561 3599 811 3682 pepercerimus,
831 3622 869 3662 ne
887 3597 1035 3682 Sophocle
1051 3602 1172 3681 quidem
1192 3611 1238 3662 est
1252 3601 1304 3661 in·
1361 3607 1376 3630 ²

237 3687 344 3765 digna,
367 3695 414 3762 et,
436 3707 462 3749 ιι
454 3685 522 3744 ad
534 3705 648 3764 paucos
662 3689 736 3744 istos
750 3706 856 3748 uersus
868 3683 960 3744 Rhesi
972 3696 1072 3746 totum
1085 3688 1196 3762 drama,
1218 3687 1304 3766 quod

195 3781 198 3788 '
235 3773 380 3850 legimus,
392 3765 620 3850 responderet,
648 3771 869 3851 suspicaremur
892 3786 962 3830 cum
982 3769 1137 3854 Scalrgero
1159 3769 1303 3853 Sophoc-

235 3853 293 3918 lem
313 3855 404 3928 Rhesi
427 3854 569 3916 dramatis
591 3875 656 3918 csse
676 3865 841 3918 auctorem

219 3999 222 4004 ·
263 3972 499 4058 Sophoclem
516 3984 634 4053 tamen,
656 3997 713 4036 nec
728 3975 852 4050 mirum,
874 3969 1047 4035 dubitanter
1063 3971 1199 4034 nominat
1214 3969 1303 4033 Sco-
1412 3985 1413 3988 ’

234 4056 331 4140 liger,
366 4061 420 4120 sed
449 4057 620 4140 Euripidem
653 4063 785 4123 sabulum
812 4060 968 4140 scripsisse
998 4061 1182 4121 confidenter
1210 4067 1302 4135 negat
1412 4075 1413 4082 ¹

172 4169 176 4174 ·
234 4143 412 4226 Prolagorn.
423 4145 463 4208 ad
477 4143 593 4213 Marii.
614 4165 646 4227 p.
661 4153 706 4228 7,
727 4147 798 4209 ubi
797 4159 903 4212 auctor
920 4145 1029 4228 inquit
1041 4144 1135 4208 Rhesi
1158 4144 1300 4225 Tragos-i
