2852 4818
282 359 287 372 .
396 347 402 373 ;
438 315 489 377 DE
511 313 641 376 RRES'O'
660 311 859 402 DRAMA'PE.
942 311 945 319 '

889 510 933 546 uss
955 477 1024 546 riam

199 565 320 632 Pabula
339 583 506 668 gustassent
530 520 655 642 Τισίαν,
682 509 896 652 Xanthumiie
920 509 1077 655 bibissent5
1133 593 1139 604 ’

35 654 39 660 v
115 689 227 772 Virgit
244 690 360 762 A'en.1,
379 679 777 766 Y.476qu1deD10mede
794 697 823 746 et
840 690 1180 772 UlysseHomeroncr
1206 699 1245 762 91

111 778 231 835 retain
250 795 307 854 par
327 773 402 835 illud
424 772 550 832 amabile
568 773 674 830 Nisum
697 782 728 833 et
745 775 928 854 Euryalum,
953 765 1068 841 artilice
1092 805 1181 846 manu
1208 805 1227 846 a

113 861 277 941 disposita,
300 859 474 918 transtulit.
526 849 576 938 'f

62 1047 69 1062 ι
150 981 251 1054 Ει,
273 1000 311 1039 ne
335 980 402 1058 quis
420 969 537 1038 dubitet
544 978 756 1058 Tragoedias
770 998 832 1038 non
849 981 978 1058 optimae
993 983 1099 1064 Pater
1121 987 1180 1052 hac

112 1067 202 1126 etiam
224 1066 256 1124 in
278 1087 328 1140 re,
352 1066 431 1124 sicut
449 1065 481 1122 in
481 1024 622 1140 mdltis,
645 1065 746 1126 verbis
766 1075 865 1124 tamen
883 1068 1001 1146 potius,
1024 1093 1181 1150 quanm

110 1141 180 1211 rinn
203 1161 273 1230 apta
298 1109 511 1230 dispositione,
539 1147 704 1209 Homerum
726 1159 890 1230 sequutus,
919 1153 1084 1218 Minervam
1107 1161 1180 1223 fecit

109 1239 211 1316 Ulyssi
238 1245 267 1295 et
287 1235 424 1294 Diomedi
451 1235 540 1312 benig
525 1255 611 1292 onam
639 1235 853 1293 adiutricem'
844 1241 876 1294 m
897 1237 998 1300 Rheso
1024 1248 1180 1306 contruci—
1232 1291 1234 1298 ,

109 1323 220 1381 dando
264 1321 339 1380 Nam
362 1341 447 1389 cum,
481 1321 642 1378 interfecto
662 1322 853 1399 speculatore
874 1323 991 1396 Dolone
1010 1339 1221 1412 contentus,
1285 1403 1288 1414 Ι
1357 1375 1362 1398 ·.

107 1409 139 1466 in
157 1415 253 1465 castra
272 1427 328 1464 sua
348 1405 542 1464 retrocedere
561 1415 687 1484 cuperet
703 1406 840 1484 Ulysses,
863 1390 990 1486 adparet
1009 1431 1046 1469 ex
1062 1413 1180 1498 impro-

106 1493 174 1552 viso
191 1493 333 1550 Minerva
338 1490 505 1568 ,quidque
524 1489 606 1548 lacto
627 1511 701 1570 opus
720 1499 797 1550 esset
814 1492 927 1584 amicos
944 1501 1094 1560 admonet.
1137 1503 1178 1564 Ut

106 1577 237 1638 Homeri
257 1576 378 1654 Ulysses
427 1623 429 1630 .
1034 1597 1048 1640 r

179 1763 183 1766 ,
315 1693 455 1774 ξυνέηκε
463 1690 581 1769 θιας”
563 1717 623 1758 orsu
647 1673 845 1775 φωνησάσης,
1272 1790 1274 1800 Ι

104 1817 139 1876 ΙΙ.
162 1821 205 1894 Β,
228 1836 259 1884 Y
277 1819 357 1890 182,
381 1824 412 1875 et
416 1813 577 1892 Tydides
568 1836 600 1872 in
613 1813 739 1874 Doloma
754 1815 788 1877 ll
806 1822 852 1889 Κ,
873 1838 904 1877 ιι.
923 1819 1050 1897 512,
1022 1843 1070 1902 pic
1085 1825 1177 1908 Ulys-

104 1923 153 1962 ses
169 1901 288 1982 Tragici
301 1901 393 1960 Deam
409 1920 493 1958 suam
507 1900 628 1978 agnovit
642 1901 801 1960 tutelarem
812 1864 907 1962 Rhesi
918 1925 947 1964 v·
965 1912 1038 1988 608,
1174 1921 1215 1981 .b

235 2014 384 2084 As'omow’
403 2013 536 2095 Ἀθάνα,
559 2016 790 2104 φθέγματος
755 2044 813 2122 pup
834 2012 980 2128 ησθόμηιι
1056 2047 1058 2054 ’

239 2113 300 2170 Τοῦ
322 2110 380 2169 σοῦ
401 2105 525 2209 συνήθη
547 2124 652 2208 yppos·
676 2106 707 2168 ἐν
729 2101 853 2168 πόνοισι
875 2103 933 2191 γάρ
1035 2163 1037 2176 ,

171 2183 378 2273 Hupoio’
392 2183 526 2271 sipisim
550 2197 613 2261 τοῖς
635 2187 718 2269 ἐμοῖς
739 2185 789 2253 risi
809 2215 890 2254 ποτε

104 2335 182 2394 quae
204 2313 316 2398 partim
341 2332 379 2370 ex
398 2309 555 2370 llomertis
575 2329 604 2367 v.
618 2303 746 2383 278,'
725 2333 784 2400 pes
798 2333 852 2386 μοι
871 2305 930 2376 istit
955 2303 1073 2374 ’Ep'
1030 2303 1195 2402 „avim

102 2395 227 2463 πόνοισι
249 2399 448 2474 παρίστασαι,
486 2415 627 2475 expressa
648 2405 732 2467 sunt·
763 2384 817 2457 sed
841 2415 909 2456 cum
930 2395 994 2472 his,
1026 2411 1057 2460 et
1080 2425 1172 2484 supra

102 2485 212 2565 positis
232 2504 270 2542 ex
291 2483 371 2541 Flor.
389 2482 461 2544 Cod
481 2489 640 2562 comparet
658 2440 733 2540 mihi
752 2481 817 2561 quis
840 2497 878 2542 ex
897 2482 991 2564 Ajace
1013 2485 1217 2570 Sophoclis
1286 2499 1288 2505 '

104 2571 238 2632 eiusdem
237 2569 368 2665 Ulyssis
384 2569 534 2626 simillimo
551 2588 583 2629 Y.
604 2569 654 2642 14,

228 2679 274 2752 st
297 2681 412 2792 φθέγμ’
431 2683 590 2763 Ἀθάνας,
615 2682 759 2768 piisime
780 2686 843 2795 ippl
866 2650 960 2758 θεάν.
1034 2739 1037 2746 ,

226 2766 289 2844 ste
311 2765 463 2877 εὐμαθές
462 2794 517 2836 σου
524 2819 535 2850 ,
559 2768 620 2859 κάν
643 2769 779 2848 detonsae
799 2797 853 2858 ης,
878 2769 990 2855 ὅμως

171 2881 202 2914 ι
235 2851 378 2940 Φάνημ’
387 2852 507 2936 tiata,
530 2836 591 2923 καὶ
602 2855 781 2942 ξυναρπάζω
804 2858 902 2941 rpperi

100 2974 138 3045 ln
155 2981 204 3040 his
225 2979 405 3039 imitatorem
420 2975 546 3038 Homeri
566 2979 687 3056 agnovit
701 2977 889 3055 Eastethius,
912 2978 964 3059 qui
984 2977 1076 3039 Rhesi
1093 2981 1169 3040 'lra-

101 3067 242 3144 goetiam*
257 3085 318 3124 non
333 3072 478 3123 memorat
498 3063 531 3121 in
552 3065 614 3122 suis
634 3061 673 3120 ad
687 3061 852 3122 Homerum
866 3066 1095 3138 commentariis.
1128 3067 1170 3126 Vt
1222 3086 1225 3093 ·

100 3152 130 3208 in
146 3151 247 3210 Rheso
263 3151 355 3224 luno,
378 3149 422 3206 sic
437 3149 470 3206 in
482 3147 574 3227 Ajace
591 3145 749 3228 Sophoclis
767 3151 864 3226 prima
880 3149 1022 3228 prodibat
1036 3151 1066 3208 in
1085 3150 1168 3210 thea-

99 3245 193 3297 trum
205 3237 354 3310 Minerva,
390 3253 447 3292 nec
472 3253 528 3310 pro
553 3253 638 3292 more
657 3230 811 3312 Euripidis
836 3234 916 3310 sola,
956 3235 1008 3295 sed
1029 3236 1214 3316 Ulyssemc

100 3323 287 3400 adloquens,
317 3319 369 3399 qui
396 3318 561 3379 tentorium
570 3317 691 3405 Ajacis
719 3316 858 3378 adstabat
886 3320 1069 3422 speculator.
1097 3319 1168 3382 Ad

98 3407 177 3470 illud
199 3407 319 3480 initium
340 3403 442 3480 Rhesi,

221 3514 284 3602 ἰιι
307 3528 364 3587 τοῦ
384 3522 530 3606 μεγίσισιι
549 3516 651 3604 Ζηνός
671 3516 799 3604 dissipor
819 3521 915 3601 τέκος,

228 3569 361 3706 Πάλλᾶς,

99 3720 258 3809 exigantur
273 3729 365 3810 primi
379 3747 485 3790 versus
497 3727 665 3787 hamatum
684 3722 865 3807 Sophoclis·
852 3773 862 3806 ,
885 3723 1034 3802 Electrae,
1109 3775 1116 3781 .

218 3837 260 3912 Ὦ
280 3855 339 3914 τοῦ
359 3843 673 3931 σιρατηγησιινιοςέν
701 3845 794 3932 Τροίᾳ
814 3843 887 3912 nori
1089 3904 1092 3912 ,
1185 3893 1189 3906 .

221 3927 452 4018 Ἀγαμέμνονος
472 3939 536 3998 παῖ.
997 3951 1001 3958 ‘

35 4009 39 4022 ·
97 4051 265 4136 Oedipodis
286 4053 429 4133 Tyranni,
1036 4077 1038 4086 '

215 4149 263 4222 ’tt
282 4155 372 4225 ιέιινιι
394 4152 523 4240 Κάδμον
543 4133 599 4226 son
619 4147 721 4226 πάλιν
734 4150 789 4223 uie
810 4141 983 4249 ιριφη
991 4183 994 4194 ·
